@misc{ref:what_happened_to_igoogle,
      author = "Google",
      title = "What happened to {iGoogle}?",
      howpublished = "\\\url{https://support.google.com/websearch/answer/2664197}"
}

@misc{ref:apache_wave_about,
      author = "Apache",
      title = "{Apache Wave (Incubating)}",
      howpublished = "\\\url{http://incubator.apache.org/wave/about.html}"
}

@misc{ref:facebook_games,
      author = "Facebook",
      title = "{Facebook Games}",
      howpublished = "\\\url{https://www.facebook.com/appcenter/category/games/}"
}

@misc{ref:unreal_bot,
      author = "uNrEaL",
      title = "{uNrEaL BoT}",
      howpublished = "\\\url{http://www.unrealbot.com/forum/}"
}

